@book{tufte:2006,
author="Edward Tufte",
title="The Visual Display of Quantitative Information",
edition="Second",
year=2006,
publisher="Graphics Press LLC"
}